@inproceedings{cortellessa_analysis_1998,
	title = {An analysis of the efficiency of optimistically synchronized parallel simulators},
	url = {http://citeseerx.ist.psu.edu/viewdoc/download?doi=10.1.1.47.2223&rep=rep1&type=pdf},
	booktitle = {Proceedings of the Conference on Simulation Methods and Applications. Society for Computer Simulation},
	publisher = {Citeseer},
	author = {Cortellessa, Vittorio and Quaglia, Francesco},
	urldate = {2016-11-04},
	year = {1998},
	}

@inproceedings{wuttisittikulkij_study_2003,
	title = {Study of optimised bucket widths in calendar queue for discrete event simulator},
	url = {https://www.researchgate.net/profile/C_Aswakul/publication/239549805_Study_of_Optimised_bucket_widths_in_Calendar_Queue_for_Discrete_Event_Simulator/links/02e7e52f3aebd34725000000.pdf},
	pages = {6--7},
	booktitle = {Proceedings of Thailand's Electrical Engineering Conference ({EECON}-26)},
	author = {Wuttisittikulkij, T. Siangsukone C. Aswakul L.},
	urldate = {2016-11-04},
	year = {2003}
}

@inproceedings{goh_dsplay:_2004,
	title = {Dsplay: An efficient dynamic priority queue structure for discrete event simulation},
	url = {http://citeseerx.ist.psu.edu/viewdoc/download?doi=10.1.1.90.4221&rep=rep1&type=pdf},
	shorttitle = {Dsplay},
	booktitle = {{SimTecT} Simulation Technology and Training Conference, Australia},
	publisher = {Citeseer},
	author = {Goh, Rick Siow Mong and Thng, Ian Li-Jin},
	urldate = {2016-11-04},
	year = {2004}
}

@inproceedings{ronngren_lazy_1991,
	title = {Lazy queue: an efficient implementation of the pending-event set},
	volume = {21},
	url = {http://dl.acm.org/citation.cfm?id=306860},
	shorttitle = {Lazy queue},
	pages = {194--204},
	booktitle = {{ACM} {SIGSIM} Simulation Digest},
	publisher = {{IEEE} Computer Society Press},
	author = {R''{o}nngren, Robert and Riboe, Jens and Ayani, Rassul},
	urldate = {2016-11-04},
	year = {1991}
}

@article{PDES,
	title = {Parallel discrete event simulation},
	volume = {33},
	url = {http://dl.acm.org/citation.cfm?id=84545},
	pages = {30--53},
	number = {10},
	journal = {Communications of the {ACM}},
	author = {Fujimoto, Richard M.},
	urldate = {2016-11-10},
	year = {1990}
}

@article{bucket-sort,
	title = {Sorting in linear time-variations on the bucket sort},
	volume = {20},
	url = {http://dl.acm.org/citation.cfm?id=1040257},
	pages = {197--202},
	number = {1},
	journal = {Journal of Computing Sciences in Colleges},
	author = {Corwin, Edward and Logar, Antonette},
	urldate = {2016-11-09},
	year = {2004}
}

@collection{ades_proceedings_2007,
	location = {San Diego, Calif},
	title = {Proceedings of the 2007 Spring Simulation Multiconference ({SpringSim}'07):: March 25 - 29, 2007, Norfolk, Virginia, {USA}. Vol. 1: [...]},
	isbn = {978-1-56555-313-2},
	shorttitle = {Proceedings of the 2007 Spring Simulation Multiconference ({SpringSim}'07)},
	pagetotal = {446},
	publisher = {{SCS}},
	editor = {Ades, Maurice J. and {Society for Modeling and Simulation International}},
	year = {2007},
	note = {{OCLC}: 830654513}
}

@inproceedings{li_mlist,
	title = {{MLIST}: {AN} {EFFICIENT} {PENDING} {EVENT} {SET} {STRUCTURE} {FOR} {DISCRETE} {EVENT} {SIMULATION}},
	volume = {4},
	number = {5-6},
	url = {http://citeseerx.ist.psu.edu/viewdoc/download?doi=10.1.1.95.4263&rep=rep1&type=pdf},
	shorttitle = {{MLIST}},
	pages = {66-77},
	booktitle = {International Journal of Simulation},
	publisher = {United Kingdom Simulation Society},
	author = {{LI}, {RSMGOHIA} and {THNG}, {JIN}},
	urldate = {2016-11-04},
	year = {2003}
}

@article{li_improved,
	title = {{AN} {IMPROVED} {DYNAMIC} {MLIST} {FOR} {THE} {PENDING} {EVENT} {SET} {PROBLEM}},
	url = {http://citeseerx.ist.psu.edu/viewdoc/download?doi=10.1.1.98.4398&rep=rep1&type=pdf},
	author = {{LI}, {RSMGOHIA} and {THNG}, {JIN}},
	urldate = {2016-11-04},
	year = {2004}
}

@article{parallelHeap-structure,
  title={Parallel heap: An optimal parallel priority queue},
  author={Deo, Narsingh and Prasad, Sushil},
  journal={The Journal of Supercomputing},
  volume={6},
  number={1},
  pages={87--98},
  year={1992},
  publisher={Springer}
}


@article{tang_ladder_2005,
	title = {Ladder queue: An O (1) priority queue structure for large-scale discrete event simulation},
	volume = {15},
	url = {http://dl.acm.org/citation.cfm?id=1103324},
	shorttitle = {Ladder queue},
	pages = {175--204},
	number = {3},
	journaltitle = {{ACM} Transactions on Modeling and Computer Simulation ({TOMACS})},
	author = {Tang, Wai Teng and Goh, Rick Siow Mong and Thng, Ian Li-Jin},
	urldate = {2016-11-10},
	year = {2005}
}

@article{amortized-time,
 author = {Sleator, Daniel Dominic and Tarjan, Robert Endre},
 title = {Self-adjusting Binary Search Trees},
 journal = {Journal of the ACM},
 issue_date = {July 1985},
 volume = {32},
 number = {3},
 month = jul,
 year = {1985},
 issn = {0004-5411},
 pages = {652--686},
 numpages = {35},
 url = {http://doi.acm.org/10.1145/3828.3835},
 doi = {10.1145/3828.3835},
 acmid = {3835},
 publisher = {ACM},
 address = {New York, NY, USA},
}

@book{cormen2001introduction,
  title={Introduction To Algorithms},
  author={Cormen, T.H. and Leiserson, C.E. and Rivest, R.L. and Stein, C.},
  isbn={9780262032933},
  lccn={00103127},
  url={https://books.google.de/books?id=NLngYyWFl\_YC},
  year={2001},
  publisher={MIT Press}
}

@article{brown_cq,
 author = {Brown, R.},
 title = {Calendar Queues: A Fast 0(1) Priority Queue Implementation for the Simulation Event Set Problem},
 journal = {Commun. ACM},
 issue_date = {Oct. 1988},
 volume = {31},
 number = {10},
 month = oct,
 year = {1988},
 issn = {0001-0782},
 pages = {1220--1227},
 numpages = {8},
 url = {http://doi.acm.org/10.1145/63039.63045},
 doi = {10.1145/63039.63045},
 acmid = {63045},
 publisher = {ACM},
 address = {New York, NY, USA},
}

@inproceedings{prasad_parallel_1995,
	title = {Parallel heap: A practical priority queue for fine-to-medium-grained applications on small multiprocessors},
	url = {http://ieeexplore.ieee.org/xpls/abs_all.jsp?arnumber=530702},
	shorttitle = {Parallel heap},
	pages = {328--335},
	booktitle = {Parallel and Distributed Processing, 1995. Proceedings. Seventh {IEEE} Symposium on},
	publisher = {{IEEE}},
	author = {Prasad, Sushil K. and Sawant, Sagar I.},
	urldate = {2016-11-05},
	year = {1995}
}

@inproceedings{deterministic-sorting,
	title = {Deterministic sorting in O (n log log n) time and linear space},
	url = {http://dl.acm.org/citation.cfm?id=509993},
	pages = {602--608},
	booktitle = {Proceedings of the thiry-fourth annual {ACM} symposium on Theory of computing},
	publisher = {{ACM}},
	author = {Han, Yijie},
	urldate = {2016-11-09},
	year = {2002}
}

@article{exp-s-t,
	title = {Dynamic ordered sets with exponential search trees},
	volume = {54},
	issn = {00045411},
	url = {http://portal.acm.org/citation.cfm?doid=1236457.1236460},
	doi = {10.1145/1236457.1236460},
	pages = {13--es},
	number = {3},
	journal = {Journal of the {ACM}},
	author = {Andersson, Arne and Thorup, Mikkel},
	urldate = {2016-11-09},
	year = {2007-06-01},
	langid = {english}
}

@INPROCEEDINGS{dcq,
author={SeungHyun Oh and JongSuk Ahn},
booktitle={Simulation Symposium, 1999. Proceedings. 32nd Annual},
title={Dynamic calendar queue},
year={1999},
pages={20-25},
keywords={computational complexity;data structures;discrete event simulation;queueing theory;sorting;data structure;data structures;discrete event simulations;dynamic calendar queue;event list;event sorting;priority queue;simulation performance;skewed event distributions;static resize algorithm;time complexity;time order processing;timestamp;uneven event distributions},
doi={10.1109/SIMSYM.1999.766449},
ISSN={1080-241X},
month={},}

@inproceedings{snoopy,
 author = {Tan, Kah Leong and Thng, Li-Jin},
 title = {SNOOPy Calendar Queue},
 booktitle = {Proceedings of the 32Nd Conference on Winter Simulation},
 series = {WSC '00},
 year = {2000},
 isbn = {0-7803-6582-8},
 location = {Orlando, Florida},
 pages = {487--495},
 numpages = {9},
 url = {http://dl.acm.org/citation.cfm?id=510378.510453},
 acmid = {510453},
 publisher = {Society for Computer Simulation International},
 address = {San Diego, CA, USA},
} 

@misc{neuhaus,
		author={Neuhaus, Uwe},
	title={Algorithmen und Datenstrukturen},
	year={2015},
	location={Elmshorn, Deutschland},
	howpublished = {vorlesungsbegleitender Foliensatz},
	organization = {Nordakademie},

}

